@book{Krippendorff2004,
author = {Krippendorff, K.},
isbn = {0-7619-1544-3},
year = {2004},
title = {{Content Analysis An Introduction to Its Methodology}},
publisher = {Sage Publications}	
}

@book{Argyris1996,
author = {Argyris C. and Schön, D.A.},
isbn = {0-201-62983-6},
year = {1996},
title = {{Organizational Learning II: Theory, Method and Practice}},
publisher = {Addison-Wesley Publishing Company}
}

@book{Larsen2006,
author = {Derby, E. and Larsen, D.},
isbn = {978-0977616640},
year = {2006},
title = {{Agile Retrospectives: Making Good Teams Great!}},
publisher = {Pragmatic Bookshelf}
}
	
@article{Drury2012,
author = {Drury, M. and Conboy, K. and Power, K.},
title = {Obstacles to decision makin in Agile software development teams},
journal = {The journal of systems and software},
year = {2012}, 
Volume = {85}}

@article{Keegan2000,
author = {Keegan, A. and Turner, J.R.},
title = {Quantity versus Quality in Project Based Learning Practices},
journal = {Management Learning},
year = {2000},
volume = {32}
}

@article{Kwak2004,
author = {Kwak, Y. H. and Stoddard, J.},
title = {Project Risk Management: Lessons learned from Software Development Environment},
journal={Technovation},
volume={24}
}

@article{Tessem2014,
author ={Tessem, Bjørnar},
title ={Individual empovement of agile and non-agile software developers in small teams},
journal = {Information and software technology},
year ={2014},
volume ={56}
}

@article{Visser2003,
author = {Visser, Max},
title = {Gregory Bateson on deutero-learning and double bind: A brief conceptual history},
jorunal = {Journal of History of the Behavioral Sciences},
year = {2003},
volume = {39}
}

@article{Moe2011,
author = {Moe, N.B. and Aurum, A. and Dybå, T.},
title = {Challenges of shared decision making: A multiple case study of agile software development},
journal = {Information and software technology},
year = {2011},
volume = {54}}

@article{Dingsoyr2004, 
author = {Dingsøyr, Torgeir},
title = {Postmortem reviews: purpose and approaches in software engineering},
journal={Information and software technology},
year= {2004},
volume = {47}}

@article{Bjornson2009,
author = {Bjørnson, Finn Olav and Wang, Alf Inge and Arisholm, Erik},
journal = {Information and Software Technology},
number = {1},
pages = {150--161},
title = {{Improving the effectiveness of root cause analysis in post mortem analysis: A controlled experiment}},
volume = {51},
year = {2009}
}

@article{Hanssen2003,
author = {Hanssen, Geir Kjetil and Moe, Nils Brede and Dingsøyr, Torgeir and Stålhane, Tor},
journal = {ESERNET 2001-2003},
pages = {129--141},
title = {{Post Mortem – An Assessment of Two Approaches}},
year = {2003}
}

@article{Kinoshita2008,
author = {Kinoshita, Fumihiko},
isbn = {978-0-7695-3321-6},
journal = {Agile 2008 Conference},
pages = {373--377},
publisher = {Ieee},
title = {{Practices of an Agile Team}},
year = {2008}
}

@article{Maham2008,
author = {Maham, Michael},
isbn = {978-0-7695-3321-6},
journal = {Agile 2008 Conference},
pages = {176--180},
publisher = {Ieee},
title = {{Planning and Facilitating Release Retrospectives}},
year = {2008}
}


@article{Myers2007,
author = {Myers, Michael D and Newman, Michael},
title = {The qualitative interview in IS research: Examning the craft}, 
journal = {Information and Organization},
year = {2007},
volume = {26}
}

@article{Tosey2011,
author = {Tosey, Paul and Visser, Max and Saunders, Mark NK},
title = {The origins and conceptualizations of 'triple-loop' learning: A critical review},
journal = {Management Learning},
year = {2011},
volume = {43}
}


@article{Petter2013,
author = {Petter, Stacie and Yu, Xiaodan},
title = {Understanding agile software development practices using shared
mental models theory},
year = {2013},
journal = {Information and Software Technology},
volume  = {56}

}


@conference{Moe2012,
author = {Stray, Viktoria G and Moe, Nils B and Aurum, Aybüke},
tile = {Investigating Daily Team Meetings in Agile Software Projects},
year= {2012},
booktitle ={Euromicro Conference on Software Engineering and Advanced Applications},
Pages = {274-281}
}

@conference{Dingsoyr2007,
author = {Dingsøyr, Torgeir and Moe, N.B. and Stålhane, Tor. and Schalken, Joost.},
title = {Organizational Learning Through Project Postmortem Reviews - An Explorative Study},
year = {2007},
Booktitle = {EuroSPI2007}}


@conference{Bjarnason2012,
author = {Bjarnason, Elizabeth and Regnell, Bj\"{o}rn},
booktitle = {XP 2012},
title = {{Evidence-Based Timelines for Agile Project Retrospectives – A Method Proposal}},
year = {2012}
}


@phdthesis{Faegri2012,
author={Fægri, T.E.},
title={{Collaborative learning in software development}},
school={NTNU},
year={2012}
}

@incollection{Dingsoyr2003,
author = {Dingsøyr, Torgeir and Moe, N.B. and Stålhane, Tor. and Hanssen, Geir Kjetil.},
title={Post Mortem - An Assessment of Two Approaches},
editor={Conradi, R. and Wang, A.I.},
booktitle={ESERNET 2001-2003},
publisher={Springer-Verlag Berling Heidelberg},
address={Berlin},
year={2003}
}

@article{Levitt1988,
author = {Levitt, Barbara and March, James G.},
title = {Organizational Learning},
journal = {Annual Review of Sociology},
year = {1988},
volume = {14}
}

@article{Mcavoy2007,
author = {McAvoy, J. and Butler, T.},
title = {The impact of the Abilene Paradox on double-loop learning in an agile team},
journal={Information and Software technology},
year = {2007},
volume = {47}
}

@article{Moe2001,
author = {Moe, Nils Brede and Dingsøyr, Torgeir and Nytrø, øystein},
title = {{Augmenting Experience Reports with Lightweight Postmortem Reviews}},
journal = {PROFES 2001},
pages = {167--181},
year = {2001}
}

@article{Dyba2008,
author = {Dybå, T. and Dingsøyr, T.},
title = {Empirical studies of agile software development: A systematic review},
journal = {Information and Software Technology},
year = {2008},
volume = {50}
}

@article{Zedtwitz2002,
author={von Zedwitz, M.},
title={Organizational learning through post-project reviews in R\&D},
journal={R\&D Management},
volume = {32},
year={2002}
}

@incollection{Nakakoji2010,
author={Nakakoji, K. and  Ye, Y. and Yamamoto Y.},
title={Supporting Expertise Communication in Developer-Centered Collaborative Software DEvelopment Environments},
editor={Mistrík, I and Grundy, J. and Van der Hoek, A. and Whitehead, J.},
booktitle={Collaborative Software Engineering},
publisher={Springer-Verlag Berlin Heidelberg},
address={Berlin},
year={2010}
}


@misc{Retromat2015,
	title={{Retromat}},
	howpublished = {\url{http://www.plans-for-retrospectives.com}},
	note = {Accessed: 2015-05-06}
}

@misc{MerriamWebster2015,
	title={{Merriam Webster Dictionary Website}},
	howpublished = {\url{http://www.merriam-webster.com/dictionary}},
	note = {Accessed: 2015-02-04}
}

@misc{AgileManifesto2015,
	title={{Agile Manifesto}},
	howpublished = {\url{http://www.agilemanifesto.org/principles.html}},
	note = {Accessed: 2015-02-04}
}

@misc{Dolvik2014,
	title={{A Review of the Agile Retrospective}},
	author = {Dølvik, B. and Stålesen, A.M.},
	howpublished = {\url{https://github.com/AgileMasters/Report/blob/master/Report.pdf}},
}


